@book{Conway_The_1995,
  isbn={{038797993X}},
  abstract={In {THE} {BOOK} {OF} {NUMBERS,} two famous mathematicians fascinated by beautiful and intriguing number patterns share their insights and discoveries with each other and with readers. John Conway is the showman, master of mathematical games and flamboyant presentations; Richard Guy is the encyclopedist, always on top of problems waiting to be solved. Together they show us why patterns and properties of numbers have captivated mathematicians and non-mathematicians alike for centuries.},
  publisher={Copernicus},
  author={Conway, John and Guy, Richard K},
  year={1995},
  title={The book of numbers}
}
