@book{RN55,
   author = {Maor, Eli},
   title = {e: The story of a number},
   publisher = {Princeton University Press},
   address = {Princeton, NJ},
   edition = {New Princeton science library paperback.},
   pages = {227},
   ISBN = {9780691141343},
   year = {2009},
   type = {Book}
}

