@book{RN54,
   author = {Maor, Eli},
   title = {Trigonometric delights},
   publisher = {Princeton University Press},
   address = {Princeton, NJ},
   series = {Princeton science library},
   ISBN = {9780691158204},
   year = {2013},
   type = {Book}
}

