@book{Conway1996BookOfNumbers,
  author	= "Conway, J.",
  title		= "The Book of Numbers",
  year		= "1996",
  publisher	= "Copernicus (an Imprint of Springer-Verlag)",
  address	= "Baltimore, MD",
  ISBN		= "038797993X",
  url		= "http://books.google.com.mx/books?id=0--3rcO7dMYC"
}

@book{Boyer1959HistCalculus,
  author	= "Boyer, Carl B.",
  title		= "The History of the Calculus and Its Conceptual Development",
  year		= "1959",
  publisher	= "Dover Publications",
  address	= "New York",
  ISBN		= "0486605094",
  note      = "Originally published in 1949 by Hafner Publishing Company under the title The Concepts of the Calculus: A Critical and Historical Discussion of the Derivative and the Integral",
  url		= "https://archive.org/details/TheHistoryOfTheCalculusAndItsConceptualDevelopment"
}

@book{Boyer1968HistMath,
  author	= "Boyer, Carl B.",
  title		= "A History of Mathematics",
  year		= "1968",
  publisher	= "Willey",
  address	= "New York",
  ISBN		= "0486605094",
  note      = "Newer edition published in 2011 by Willey",
  url		= "https://archive.org/details/AHistoryOfMathematics"
}

@book{Edwards2002Pascals,
  author	= "Edwards, Anthony W.F.",
  title		= "Pascal's Arithmetical Triangle: The Story of a Mathematical Idea",
  year		= "2002",
  publisher	= "Johns Hopkins University Press",
  address	= "Baltimore, MD",
  ISBN		= "0801869463",
  url		= "http://books.google.com.mx/books?id=sx-EkudWKTcC"
}

@article{Funkhouser1930HistSymFuncs,
  author	= "Funkhouser, H Gray",
  title		= "A Short Account of the History of Symmetric Functions of Roots of Equations",
  year		= "1930",
  journal   = "The American Mathematical Monthly",
  volume    = "37",
  number    = "7",
  pages     = "357-365",
  url		= "http://www.jstor.org/discover/10.2307/2299273"
}

@book{Maor2009eStoryOfANumber,
  author	= "Maor, Eli",
  title		= "e: The Story of a Number",
  year		= "2009",
  publisher	= "Princeton University Press",
  address	= "Princeton, NJ",
  ISBN		= "9781400832347",
  url		= "http://press.princeton.edu/titles/5342.html"
}

@book{Nahin2010iStoryOf,
  author	= "Nahin, Paul J.",
  title		= "The Story of i",
  year		= "2009",
  publisher	= "Princeton University Press",
  address	= "Princeton, NJ",
  ISBN		= "9781400833894",
  url		= "http://press.princeton.edu/titles/9259.html"
}

@misc{NIST:DLMF,
  key 		= "{\relax DLMF}",
  title 	= "{NIST Digital Library of Mathematical Functions}",
  year		= "2013",
  howpublished = "http://dlmf.nist.gov/, Release 1.0.6 of 2013-05-06",
  url 		= "http://dlmf.nist.gov/",
  note 		= "Version en línea acompañante de \cite{Olver:2010:NHMF}"
}
        
@book{Olver:2010:NHMF,
  author	= "{Olver, F. W. J.}; {Lozier, D. W.}; {Boisvert, R. F.}; and {Clark, C. W.} (editors)",
  title		= "NIST Handbook of Mathematical Functions (OLBC 2010)",
  year		= "2010",
  publisher	= "Cambridge University Press",
  address	= "New York",
  ISBN		= "9780521192255",
  url		= "http://books.google.com.mx/books?id=3I15Ph1Qf38C",
  note		= "Versión impresa acompañante de \cite{NIST:DLMF}"
}

@book{Tigno2001Galois,
  author	= "Tignol, Jean-Pierre",
  title		= "Galois' Theory of Algebraic Equations",
  year		= "2001",
  publisher	= "World Scientific",
  address	= "Baltimore, MD",
  ISBN		= "9810245416",
  url		= "http://www.worldscientific.com/worldscibooks/10.1142/4628"
}

@misc{Weisstein:Mathworld,
  author	= "Weisstein, Eric W.",
  title		= "Mathworld",
  howpublished = "http://mathworld.wolfram.com/",
  url		= "http://mathworld.wolfram.com/",
  note		= "MathWorld--A Wolfram Web Resource"
}