@book{RN52,
   author = {Bertsekas, Dimitri P. and Tsitsiklis, John N.},
   title = {Introduction to probability},
   publisher = {Athena Scientific},
   address = {Belmont, Mass.},
   ISBN = {188652940X},
   year = {2002},
   type = {Book}
}

